@inproceedings{vanharen_aiaa_2020,
 address = {Reno, Nevada, USA},
 author = {Julien Vanharen and Adrien Loseille and Frédéric Alauzet},
 booktitle = {Fluid Dynamics Conference},
 number = {AIAA 2020-XXXX},
 title = {Shock-capturing for high-order spectral discontinuous methods based on anisotropic mesh adaptation},
 url = {files/aiaa_2020_vanharen.pdf},
 year = {2020}
}

