@inproceedings{vanharen_aiaa_rksd,
 address = {Denver, Colorado, USA},
 author = {Julien Vanharen and Guillaume Puigt and Jean-Fran√ßois Boussuge and Aravind Balan},
 booktitle = {23rd AIAA Computational Fluid Dynamics Conference, AIAA Aviation and Aeronautics Forum and Exposition},
 month = {June},
 title = {Optimized Runge-Kutta time integration for Spectral Difference Method},
 url = {files/aiaa_rksd.pdf},
 year = {2017}
}

