@inproceedings{vanharen_tilda_analysis_2016,
 address = {Toulouse, France},
 author = {Julien Vanharen and Guillaume Puigt and Xavier Vasseur and Jean-Fran√ßois Boussuge and Pierre Sagaut},
 booktitle = {TILDA - Symposium & Workshop on Industrial LES & DNS},
 keywords = {Space-time spectral analysis, Spectral discontinuous, Nyquist theorem, Aliasing, Matrix power method},
 month = {November},
 title = {Revisiting the spectral analysis for high-order spectral discontinuous methods},
 url = {files/tilda_analysis.pdf},
 year = {2016}
}

