@inproceedings{vanharen_ecfd_2018,
 address = {Glasgow, UK},
 author = {Julien Vanharen and Rémi Feuillet and Frédéric Alauzet},
 booktitle = {7th European Conference on Computational Fluid Dynamics (ECFD 7)},
 month = {June},
 title = {Mesh adaptation for fluid-structure interaction problems},
 url = {files/vanharen_ecfd_2018.pdf},
 year = {2018}
}

