@article{vanharen_jfs,
 author = {Julien Vanharen and Adrien Loseille and Frédéric Alauzet},
 journal = {Under review for Journal of Fluids and Structures},
 title = {Mesh adaptation for fluid-structure interactions},
 url = {files/fsi.pdf},
 year = {2020}
}

