@article{vanharen_jcp,
 author = {Guillaume Puigt and Pierre Cayot and Julien Vanharen and Pierre Sagaut},
 journal = {Under preparation for Journal of Computational Physics},
 month = {February},
 title = {Unstructured interface gradient for the diffusion operator},
 year = {2019}
}

