@inproceedings{vanharen_tilda_comparison_2016,
 address = {Toulouse, France},
 author = {Julien Vanharen and Guillaume Puigt and Xavier Vasseur and Jean-Fran√ßois Boussuge and Pierre Sagaut},
 booktitle = {TILDA - Symposium & Workshop on Industrial LES & DNS},
 keywords = {Space-time spectral analysis, Spectral discontinuous, Finite Difference, Aeroacoustics},
 month = {November},
 title = {Comparing the resolution power of standard finite difference and spectral difference schemes},
 url = {files/tilda_comparison.pdf},
 year = {2016}
}

