@inproceedings{Tenkes_AIAA_2020,
 address = {Reno, Nevada, USA},
 author = {Lucille-Marie Tenkès and Julien Vanharen and Frédéric Alauzet},
 booktitle = {Fluid Dynamics Conference},
 number = {AIAA 2020-XXXX},
 title = {Hybrid anisotropic mesh adaptation using metric-orthogonal approach},
 url = {files/aiaa_2020_tenkes.pdf},
 year = {2020}
}

