@inproceedings{Tenkes_ecfd_2020,
 address = {Paris, France},
 author = {Lucille-Marie Tenkès and Julien Vanharen and Frédéric Alauzet},
 booktitle = {ECCOMAS Congress},
 title = {Hybrid mesh adaptation for CFD simulations},
 url = {files/eccomas_2020_tenkes.pdf},
 year = {2020}
}

